11111111111111111111111111111111112222222222222221111111111111111111111111111111111222222222222222111111111111111111111111111111111122222222222222211111111111111111111111111111111112222222222222221111111111111111111111111111111111222222222222222111111111111111111111111111111111122222222222222211111111111111111111111111111111112222222222222221111111111111111111111111111111111222222222222222111111111111111111111111111111111122222222222222211111111111111111111111111111111112222222222222221111111111111111111111111111111111222222222222222111111111111111111111111111111111122222222222222211111111111111111111111111111111112222222222222221111111111111111111111111111111111222222222222222111111111111111111111111111111111122222222222222211111111111111111111111111111111112222222222222221111111111111111111111111111111111222222222222222111111111111111111111111111111111122222222222222211111111111111111111111111111111112222222222222221111111111111111111111111111111111222222222222222111111111111111111111111111111111122222222222222211111111111111111111111111111111112222222222222221111111111111111111111111111111111222222222222222111111111111111111111111111111111122222222222222211111111111111111111111111111111112222222222222221111111111111111111111111111111111222222222222222111111111111111111111111111111111122222222222222211111111111111111111111111111111112222222222222221111111111111111111111111111111111222222222222222111111111111111111111111111111111122222222222222211111111111111111111111111111111112222222222222221111111111111111111111111111111111222222222222222111111111111111111111111111111111122222222222222211111111111111111111111111111111112222222222222221111111111111111111111111111111111222222222222222111111111111111111111111111111111122222222222222211111111111111111111111111111111112222222222222221111111111111111111111111111111111222222222222222111111111111111111111111111111111122222222222222211111111111111111111111111111111112222222222222221111111111111111111111111111111111222222222222222111111111111111111111111111111111122222222222222211111111111111111111111111111111112222222222222221111111111111111111111111111111111222222222222222111111111111111111111111111111111122222222222222211111111111111111111111111111111112222222222222221111111111111111111111111111111111222222222222222111111111111111111111111111111111122222222222222211111111111111111111111111111111112222222222222221111111111111111111111111111111111222222222222222111111111111111111111111111111111122222222222222211111111111111111111111111111111112222222222222221111111111111111111111111111111111222222222222222111111111111111111111111111111111122222222222222211111111111111111111111111111111112222222222222221111111111111111111111111111111111222222222222222111111111111111111111111111111111122222222222222211111111111111111111111111111111112222222222222221111111111111111111111111111111111222222222222222111111111111111111111111111111111122222222222222211111111111111111111111111111111112222222222222221111111111111111111111111111111111222222222222222111111111111111111111111111111111122222222222222211111111111111111111111111111111112222222222222221111111111111111111111111111111111222222222222222111111111111111111111111111111111122222222222222211111111111111111111111111111111112222222222222221111111111111111111111111111111111222222222222222111111111111111111111111111111111122222222222222211111111111111111111111111111111112222222222222221111111111111111111111111111111111222222222222222111111111111111111111111111111111122222222222222211111111111111111111111111111111112222222222222221111111111111111111111111111111111222222222222222111111111111111111111111111111111122222222222222211111111111111111111111111111111112222222222222221111111111111111111111111111111111222222222222222111111111111111111111111111111111122222222222222211111111111111111111111111111111112222222222222221111111111111111111111111111111111222222222222222111111111111111111111111111111111122222222222222211111111111111111111111111111111112222222222222221111111111111111111111111111111111222222222222222111111111111111111111111111111111122222222222222211111111111111111111111111111111112222222222222221111111111111111111111111111111111222222222222222111111111111111111111111111111111122222222222222211111111111111111111111111111111112222222222222221111111111111111111111111111111111222222222222222111111111111111111111111111111111122222222222222211111111111111111111111111111111112222222222222221111111111111111111111111111111111222222222222222111111111111111111111111111111111122222222222222211111111111111111111111111111111112222222222222221111111111111111111111111111111111222222222222222111111111111111111111111111111111122222222222222211111111111111111111111111111111112222222222222221111111111111111111111111111111111222222222222222111111111111111111111111111111111122222222222222211111111111111111111111111111111112222222222222221111111111111111111111111111111111222222222222222111111111111111111111111111111111122222222222222211111111111111111111111111111111112222222222222221111111111111111111111111111111111222222222222222111111111111111111111111111111111122222222222222211111111111111111111111111111111112222222222222221111111111111111111111111111111111222222222222222111111111111111111111111111111111122222222222222211111111111111111111111111111111112222222222222221111111111111111111111111111111111222222222222222111111111111111111111111111111111122222222222222
1111111111111111111
22222222222222222222
3333333333333333333333333
44444444444444444444444444444
66666666666666666666666666666
